
%------------------------------------------------------------------------
%
%    Copyright (C) 1985-2020  Georg Umgiesser
%
%    This file is part of SHYFEM.
%
%    SHYFEM is free software: you can redistribute it and/or modify
%    it under the terms of the GNU General Public License as published by
%    the Free Software Foundation, either version 3 of the License, or
%    (at your option) any later version.
%
%    SHYFEM is distributed in the hope that it will be useful,
%    but WITHOUT ANY WARRANTY; without even the implied warranty of
%    MERCHANTABILITY or FITNESS FOR A PARTICULAR PURPOSE. See the
%    GNU General Public License for more details.
%
%    You should have received a copy of the GNU General Public License
%    along with SHYFEM. Please see the file COPYING in the main directory.
%    If not, see <http://www.gnu.org/licenses/>.
%
%    Contributions to this file can be found below in the revision log.
%
%------------------------------------------------------------------------

@article{ferrarin13:med,
   author  = "C. Ferrarin and A. Roland and M. Bajo and G. Umgiesser and A. Cucco and 
              S. Davolio and A. Buzzi and P. Malguzzi and O. Drofa"
   ,year   = "2013"
   ,title   = "{Tide-surge-wave modelling and forecasting in the Mediterranean Sea with focus on the Italian coast}"
   ,journal = "{Ocean Model.}"
   ,volume  = "61"
   ,pages   = "38-48"
   ,doi    = "10.1016/j.ocemod.2012.10.003"
}
@article{Ferrarin2018_mmba,
   author = "C. Ferrarin and D. Bellafiore and G. Sannino and M. Bajo
    and G. Umgiesser",
   title = "{Tidal dynamics in the inter-connected Mediterranean, Marmara,
    Black and Azov seas}",
   year = "2018",
   journal = "Prog. Oceanogr.",
   volume = {161},
   pages = {102-115},
   doi = {10.1016/j.pocean.2018.02.006}
}
@ARTICLE{Bajo14:black,
   AUTHOR  = "M. Bajo and C. Ferrarin and I. Dinu and A. Stanica and G. Umgiesser",
   YEAR    = "2014",
   TITLE   = "{The circulation near the Romanian coast and the Danube Delta 
          modelled with finite elements}",
   JOURNAL = "{Cont. Shelf Res.}",
   VOLUME  = "78",
   PAGES   = "62-74",
   DOI     = "10.1016/j.csr.2014.02.006"
}
@ARTICLE{bella10:3d,
  AUTHOR = "D. Bellafiore and G. Umgiesser",
  YEAR   = "2010",
  TITLE  = "{Hydrodynamic coastal processes in the North Adriatic investigated
  with a 3D finite element model}",
  JOURNAL = "{Ocean Dyn.}",
  VOLUME = "60",
  PAGES = "255-273",
  DOI = "10.1007/s10236-009-0254-x"
}
@article{Ferrarin2016_mgsed,
   author = "C. Ferrarin and G. Umgiesser and A. Roland and M. Bajo 
   and F. {De Pascalis} and M. Ghezzo and I. Scroccaro",
   title = "{Sediment dynamics and budget in a microtidal lagoon - a
       numerical investigation}",
   year = "2016",
   journal = "Mar. Geol.",
   volume = {381},
   pages = {163-174},
   doi = {10.1016/j.margeo.2016.09.006}
}
@article{Ferrarin2017_adlag,
   author = "C. Ferrarin and F. Maicu and G. Umgiesser",
   title = "{The effect of lagoons on Adriatic Sea tidal dynamics}",
   year = "2017",
   journal = "Ocean Model.",
   volume = {119},
   pages = {57-71},
   doi = {10.1016/j.ocemod.2017.09.009}
}
@ARTICLE{Umgiesser1410lags,
   AUTHOR  = "G. Umgiesser and C. Ferrarin and A. Cucco and F. {De Pascalis} and 
         D. Bellafiore and M. Ghezzo and M. Bajo",
   YEAR    = "2014",
   TITLE   = "{Comparative hydrodynamics of 10 Mediterranean lagoons by means of
          numerical modeling}",
   JOURNAL = "{J. Geophys. Res. Oceans}",
   VOLUME  = "119",
   NUMBER  = "4",
   PAGES   = "2212-2226",
   DOI     = "10.1002/2013JC009512",
}
@article{Umgie2003,
	author = "G. Umgiesser and D. {Melaku Canu} and C. Solidoro and R. Ambrose",
	title = "A finite element ecological model: a first application to the Venice Lagoon.",
	journal = "Environmental Modelling and Software",
	year = "2003",
	volume = "18",
        number = "2",
	pages = "131--145"
	}
@article{Cucco2006,
	author = "A. Cucco and G. Umgiesser",
	title = "Modeling the Venice Lagoon residence time",
	journal = "Ecological modelling",
	year = "2006",
	volume = "193",
	number = "1--2",
	pages = "34-51"
	}
@article{Aveytua2020,
	author = "L. {Aveytua-Alcazar} and D. {Melaku Canu} and {V.F.} {Camacho-Ibar} and C. Solidoro",
	title  =  "Changes in upwelling regimes in a Mediterranean-type lagoon: A model application. ",
	journal  = "Ecological Modelling",
	year = "2020",
	volume = "418",
	doi = "https://doi.org/10.1016/j.ecolmodel.2019.108908"
	}
@article{Canu2003,
	author = " D. {Melaku Canu} and C. Solidoro and G. Umgiesser",
	title = "Modelling the responses of the lagoon of Venice ecosystem to physical forcings variations. ",
	journal = "Ecological Modelling",
	year = "2003",
	volume = "170",
	number = "15",
	pages = "265-289"
}
@article{Bignami1995,
	author = "F. Bignami and S. Marullo and R. Santoleri and {M.E.} Schiano ",
	title = "Longwave radiation budget in the Mediterranean Sea.",
	journal ="J Geophys Res",
	volume = "100",
	number = "C2",
	pages ="2501-2514",
	year = "1995"
}
@article{Pettenuzzo2010,
	author = "D. Pettenuzzo and {W.G.} Large and N. Pinardi",
	title = "On the corrections of ERA- 40 surface flux products consistent with the Mediterranean heat and water budgets and the connection between basin surface total heat flux and NAO.",
	journal = "Journal of Geophysical Research: Oceans",
	volume = "115",
	number ="6",
	year = "2010"
}
@article{Hellermann1983,
	author = "S. Hellermann and M. Rosenstein",
	title = "Normal wind stress over the world ocean with error estimates",
	journal = "J. Phys. Oceanogr.",
	volume = "13",
	pages = "1093-1104",
	year = "1983"
}
@inbook{Jerlov1968,
	author = "{N.G.} Jerlov",
	title = "Optical Oceanography",
	publisher ="Elsevier",
	pages ="194",
	year = "1968"
}
@article{Kondo1975,
	author = "J. Kondo",
	title = "Air-sea bulk transfer coefficients in diabatic conditions." ,
	journal = "Boundary-Layer Meteorology",
	volume = "9",
	number = "1",
	pages = "91-112",
	year = "1975"
}
@article{Reed1977,
	author = "{R.K.} Reed ",
	title = "On estimating insolation over the ocean.",
	journal = "J. Phys. Oceanogr.",
	volume = "7",
	pages = "482-485",
	year = "1977"
}
@article{Paulson1977,
	author = "{C.A.} Paulson and {J.J.} Simpson",
	title = "Irradiance measurements in the upper ocean.",
	journal = "J. Physical Oceanography",
	volume = "7",
	pages = "952-956",
	year = "1977"
} 
